<record><leader>00000cas a22000007a 4500</leader><controlfield tag="001">19843048</controlfield><controlfield tag="008">890609d19811984mauwr ne      0    0eng d</controlfield><datafield ind1=" " ind2=" " tag="010"><subfield code="a">sn 94055524 </subfield></datafield><datafield ind1=" " ind2=" " tag="040"><subfield code="a">WCM</subfield><subfield code="b">eng</subfield><subfield code="c">WCM</subfield><subfield code="d">MGN</subfield><subfield code="d">OCLCQ</subfield><subfield code="d">WCM</subfield><subfield code="d">OCLCO</subfield><subfield code="d">OCLCF</subfield></datafield><datafield ind1=" " ind2=" " tag="042"><subfield code="a">msc</subfield></datafield><datafield ind1=" " ind2=" " tag="090"><subfield code="a">AP2</subfield><subfield code="b">.W553</subfield></datafield><datafield ind1="0" ind2="4" tag="245"><subfield code="a">The Williamstown advocate.</subfield></datafield><datafield ind1=" " ind2=" " tag="260"><subfield code="a">Williamstown, MA :</subfield><subfield code="b">Williamstown Advocate,</subfield><subfield code="c">1981-1984.</subfield></datafield><datafield ind1=" " ind2=" " tag="300"><subfield code="a">3 v. :</subfield><subfield code="b">ill., photo. ;</subfield><subfield code="c">35 cm.</subfield></datafield><datafield ind1=" " ind2=" " tag="310"><subfield code="a">Weekly</subfield></datafield><datafield ind1="0" ind2=" " tag="362"><subfield code="a">Vol. 1, no. 1 (May 28, 1981)-v. 3, no. 69 (Sept. 19, 1984).</subfield></datafield><datafield ind1=" " ind2=" " tag="500"><subfield code="a">Editors: Lauren R. Stevens, 1981-1984; William P. Densmore, Jr., 1984.</subfield></datafield><datafield ind1=" " ind2=" " tag="500"><subfield code="a">"Serving Williamstown, New Ashford, Hancock."</subfield></datafield><datafield ind1=" " ind2="0" tag="651"><subfield code="a">Williamstown (Mass.)</subfield><subfield code="v">Newspapers.</subfield></datafield><datafield ind1=" " ind2="0" tag="651"><subfield code="a">Berkshire County (Mass.)</subfield><subfield code="v">Newspapers.</subfield></datafield><datafield ind1=" " ind2="7" tag="651"><subfield code="a">Massachusetts</subfield><subfield code="z">Berkshire County.</subfield><subfield code="2">fast</subfield><subfield code="0">(OCoLC)fst01206663</subfield></datafield><datafield ind1=" " ind2="7" tag="651"><subfield code="a">Massachusetts</subfield><subfield code="z">Williamstown.</subfield><subfield code="2">fast</subfield><subfield code="0">(OCoLC)fst01215172</subfield></datafield><datafield ind1=" " ind2="7" tag="655"><subfield code="a">Newspapers.</subfield><subfield code="2">fast</subfield><subfield code="0">(OCoLC)fst01423814</subfield></datafield><datafield ind1=" " ind2=" " tag="752"><subfield code="a">United States</subfield><subfield code="b">Massachusetts</subfield><subfield code="c">Berkshire</subfield><subfield code="d">Williamstown.</subfield></datafield><datafield ind1=" " ind2=" " tag="752"><subfield code="a">United States</subfield><subfield code="b">Massachusetts</subfield><subfield code="c">Berkshire</subfield><subfield code="d">New Ashford.</subfield></datafield><datafield ind1=" " ind2=" " tag="752"><subfield code="a">United States</subfield><subfield code="b">Massachusetts</subfield><subfield code="c">Berkshire</subfield><subfield code="d">Hancock.</subfield></datafield><datafield ind1="0" ind2="0" tag="785"><subfield code="t">Advocate (Williamstown, Mass.)</subfield><subfield code="w">(DLC)sn 94055525</subfield></datafield></record>